@article{Hara1966,
  title={分子ふるい},
  author={原伸宜},
  journal={分析化学},
  volume={15},
  number={9},
  pages={986-991},
  year={1966},
  doi={10.2116/bunsekikagaku.15.986}
}

@article{Kasiwagi2016,
  title={バニリルフルオロンとコバルト（Ⅱ）を用いるスペルミンの吸光光度定量},
  author={柏木翔和 and 松下ももか and 宮地加奈子 and 浅野麻実子 and 藤嶽美穂代 and 山口敬子 and 松村人志 and 藤田芳一},
  journal={分析化学},
  volume={65},
  number={11},
  pages={671-676},
  year={2016},
  doi={10.2116/bunsekikagaku.65.671}
}

@book{Bunseki1992,
  title={分析化学: 溶液反応を基礎とする},
  author={大橋弘三郎 and 小熊幸一 and 鎌田薩男 and 木原壮林 },
  isbn={9784782702802},
  url=
  {\href{
  https://books.google.co.jp/books?id=ia7oygAACAAJ
  }{\url{
  https://books.google.co.jp/books?id=ia7oygAACAAJ
  }}},
  year={1992},
  publisher={三共出版}
}

@book{Urabe2013,
  booktitle={化学の新研究},
  author={卜部吉庸},
  edition={1},
  isbn={9784385260938},
  url=
  {\href{
  https://books.google.co.jp/books?id=9M\_3wQEACAAJ
  }{\url{
  https://books.google.co.jp/books?id=9M\_3wQEACAAJ
  }}},
  year={2013},
  number={5},
  volume={9},
  pages={197-210},
  publisher={三省堂}
}
@article{Mochizuki2010,
  title={Why can a water strider be on water surface?},
  author={Osamu Mochizuki and Kenji Kikuchi},
  journal={Journal of the Visualization Society of Japan},
  volume={30},
  number={119},
  pages={028-028},
  year={2010},
  doi={10.3154/jvs.30.028}
}
@article{Nakajima2013,
author="中嶋健",
title="大小のゴム風船のゆくえ",
journal="日本ゴム協會誌",
ISSN="0029022X",
publisher="",
year="2013",
month="aug",
volume="86",
number="8",
pages="278",
URL="\href{https://ci.nii.ac.jp/naid/10031179009/}{\url{https://ci.nii.ac.jp/naid/10031179009/}}",
}
@article{Yamamoto2002,
author="山本明利",
title="一円玉はなぜ浮かぶ?",
journal="\href{http://www2.hamajima.co.jp/^tenjn/labo/1yen.pdf}{\url{http://www2.hamajima.co.jp/^tenjn/labo/1yen.pdf}}",
year="2002",
URL="\url{https://ci.nii.ac.jp/naid/10025270781/}",
}

@article{Tamura2009,
  title={界面活性剤水溶液の泡膜特性},
  author={田村 隆光},
  journal={オレオサイエンス},
  volume={9},
  number={5},
  pages={197-210},
  year={2009},
  doi={10.5650/oleoscience.9.197}
}
@article{Hayasi2005,
  title={1円玉はなぜ水に浮かぶのか},
  author={林英子 and 稲場秀明},
  journal={千葉大学教育学部研究紀要},
  volume={53},
  pages={345-349},
  year={2005},
  publisher={千葉大学教育学部}
}
@article{Hayasi2005,
  title={表面張力　水蓮の葉の滴},
  author={理科年表編集委員会},
  journal=
  {\href{
  https://www.rikanenpyo.jp/kaisetsu/buka/buka_008.html
  }{\url{
  https://www.rikanenpyo.jp/kaisetsu/buka/buka_008.html
  }}},
  year={2006},
  url=
  {\href{
  https://www.rikanenpyo.jp/kaisetsu/buka/buka_008.html
  }{\url{
  https://www.rikanenpyo.jp/kaisetsu/buka/buka_008.html
  }}},
  publisher={理科年表オフィシャルサイト}
}